<?xml version="1.0" encoding="UTF-8"?>
  <record xmlns="http://www.loc.gov/MARC21/slim" type="Authority">
    <leader>00000nz  a2200000nc 4500</leader>
    <controlfield tag="001">128422025</controlfield>
    <controlfield tag="003">DE-101</controlfield>
    <controlfield tag="005">20180530012631.0</controlfield>
    <controlfield tag="008">031021n||aznnnaabn           | aaa    |c</controlfield>
    <datafield tag="024" ind1="7" ind2=" ">
      <subfield code="a">128422025</subfield>
      <subfield code="0">http://d-nb.info/gnd/128422025</subfield>
      <subfield code="2">gnd</subfield>
    </datafield>
    <datafield tag="035" ind1=" " ind2=" ">
      <subfield code="a">(DE-101)128422025</subfield>
    </datafield>
    <datafield tag="035" ind1=" " ind2=" ">
      <subfield code="a">(DE-588)128422025</subfield>
    </datafield>
    <datafield tag="035" ind1=" " ind2=" ">
      <subfield code="z">(DE-588)1157507158</subfield>
    </datafield>
    <datafield tag="035" ind1=" " ind2=" ">
      <subfield code="z">(DE-588a)128422025</subfield>
      <subfield code="9">v:zg</subfield>
    </datafield>
    <datafield tag="040" ind1=" " ind2=" ">
      <subfield code="a">DE-12</subfield>
      <subfield code="c">DE-12</subfield>
      <subfield code="9">r:DE-12</subfield>
      <subfield code="b">ger</subfield>
      <subfield code="d">9999</subfield>
    </datafield>
    <datafield tag="042" ind1=" " ind2=" ">
      <subfield code="a">gnd1</subfield>
    </datafield>
    <datafield tag="043" ind1=" " ind2=" ">
      <subfield code="c">XA-FR</subfield>
    </datafield>
    <datafield tag="075" ind1=" " ind2=" ">
      <subfield code="b">p</subfield>
      <subfield code="2">gndgen</subfield>
    </datafield>
    <datafield tag="075" ind1=" " ind2=" ">
      <subfield code="b">piz</subfield>
      <subfield code="2">gndspec</subfield>
    </datafield>
    <datafield tag="079" ind1=" " ind2=" ">
      <subfield code="a">g</subfield>
      <subfield code="q">a</subfield>
      <subfield code="q">f</subfield>
      <subfield code="u">v</subfield>
      <subfield code="u">o</subfield>
    </datafield>
    <datafield tag="100" ind1="1" ind2=" ">
      <subfield code="a">Nuysement, Jacques &#152;de&#156;</subfield>
      <subfield code="d">ca. Ende 16./Anfang 17. Jh.</subfield>
    </datafield>
    <datafield tag="400" ind1="1" ind2=" ">
      <subfield code="a">Nuysement, ...</subfield>
      <subfield code="d">ca. Ende 16./Anfang 17. Jh.</subfield>
    </datafield>
    <datafield tag="400" ind1="1" ind2=" ">
      <subfield code="a">Nuisement, Jacques &#152;de&#156;</subfield>
      <subfield code="d">ca. Ende 16./Anfang 17. Jh.</subfield>
    </datafield>
    <datafield tag="400" ind1="0" ind2=" ">
      <subfield code="a">Sieur de Nuisement</subfield>
      <subfield code="d">ca. Ende 16./Anfang 17. Jh.</subfield>
    </datafield>
    <datafield tag="500" ind1="1" ind2=" ">
      <subfield code="0">(DE-101)128422289</subfield>
      <subfield code="0">(DE-588)128422289</subfield>
      <subfield code="0">https://d-nb.info/gnd/128422289</subfield>
      <subfield code="a">Nuisement, Clovis Hesteau &#152;de&#156;</subfield>
      <subfield code="d">1555-1623</subfield>
      <subfield code="4">rela</subfield>
      <subfield code="4">https://d-nb.info/standards/elementset/gnd#relatedPerson</subfield>
      <subfield code="w">r</subfield>
      <subfield code="i">Relation allgemein</subfield>
      <subfield code="e">Relation allgemein</subfield>
    </datafield>
    <datafield tag="548" ind1=" " ind2=" ">
      <subfield code="a">ca. Ende 16./Anfang 17. Jh.</subfield>
      <subfield code="4">datl</subfield>
      <subfield code="4">https://d-nb.info/standards/elementset/gnd#associatedDate</subfield>
      <subfield code="w">r</subfield>
      <subfield code="i">Lebensdaten</subfield>
    </datafield>
    <datafield tag="667" ind1=" " ind2=" ">
      <subfield code="a">7</subfield>
    </datafield>
    <datafield tag="667" ind1=" " ind2=" ">
      <subfield code="a">12</subfield>
    </datafield>
    <datafield tag="667" ind1=" " ind2=" ">
      <subfield code="a">VD-17</subfield>
    </datafield>
    <datafield tag="667" ind1=" " ind2=" ">
      <subfield code="a">http://perso.club-internet.fr/hdelboy/traite_sel.htm</subfield>
    </datafield>
    <datafield tag="672" ind1=" " ind2="0">
      <subfield code="a">Tractatus de vero sale secreto philosophorum, &amp; de universali muundi spiritu. - 1651</subfield>
    </datafield>
    <datafield tag="672" ind1=" " ind2="0">
      <subfield code="a">Tractatus de vero sale secreto philosophorum, [et] de universali mu*. - 1672</subfield>
    </datafield>
    <datafield tag="672" ind1=" " ind2="0">
      <subfield code="a">Tractatus de vero philosophorum sale secreto et de universali mundi*. - 1716</subfield>
    </datafield>
    <datafield tag="672" ind1=" " ind2="0">
      <subfield code="a">Tractatus de vero sale gallice. - 1672</subfield>
    </datafield>
    <datafield tag="672" ind1=" " ind2="0">
      <subfield code="a">Sal, lumen, &amp; spiritus mundi philosophici. - 1657</subfield>
    </datafield>
    <datafield tag="678" ind1=" " ind2=" ">
      <subfield code="b">Identität und Verfasserschaft nicht vollkommen geklärt; zeitweise vermischt mit Clovis Hesteau de Nuisement; vermutl. Mitarbeiter am Tractatus de vero sale des Clovis Hesteau de Nuisement; Französ. Adliger, Gelehrter, Freigeist und Alchemist; Liebhaber der Marguerite de Valois</subfield>
    </datafield>
    <datafield tag="913" ind1=" " ind2=" ">
      <subfield code="S">pnd</subfield>
      <subfield code="i">a</subfield>
      <subfield code="a">Nuysement, Jacques /de</subfield>
      <subfield code="0">(DE-588a)128422025</subfield>
    </datafield>
  </record>
